@book{SuttonB98RLAI,
  author    = {R. S. Sutton and
               A. G. Barto},
  title     = {Reinforcement learning - an introduction},
  series    = {Adaptive computation and machine learning},
  publisher = {{MIT} Press},
  year      = {1998},
}

@article{MatignonLF12Independent,
  author    = {La{\"{e}}titia Matignon and
               Guillaume J. Laurent and
               Nadine Le Fort{-}Piat},
  title     = {Independent reinforcement learners in cooperative Markov games: a
               survey regarding coordination problems},
  journal   = {Knowledge Eng. Review},
  volume    = {27},
  number    = {1},
  pages     = {1--31},
  year      = {2012},
}

@article{Williams92REINFORCE,
  author    = {Ronald J. Williams},
  title     = {Simple Statistical Gradient-Following Algorithms for Connectionist
               Reinforcement Learning},
  journal   = {Mach. Learn.},
  volume    = {8},
  pages     = {229--256},
  year      = {1992},
}

@article{SchulmanWDRK17PPO,
  author    = {John Schulman and
               Filip Wolski and
               Prafulla Dhariwal and
               Alec Radford and
               Oleg Klimov},
  title     = {Proximal Policy Optimization Algorithms},
  journal   = {CoRR},
  volume    = {abs/1707.06347},
  year      = {2017},
}

@inproceedings{SchulmanLAJM15TRPO,
  author    = {John Schulman and
               Sergey Levine and
               Pieter Abbeel and
               Michael I. Jordan and
               Philipp Moritz},
  editor    = {Francis R. Bach and
               David M. Blei},
  title     = {Trust Region Policy Optimization},
  booktitle = {Proceedings of the 32nd International Conference on Machine Learning,
               {ICML} 2015, Lille, France, 6-11 July 2015},
  series    = {{JMLR} Workshop and Conference Proceedings},
  volume    = {37},
  pages     = {1889--1897},
  publisher = {JMLR.org},
  year      = {2015},
}

@article{Human-level,
  author    = {Volodymyr Mnih and
               Koray Kavukcuoglu and
               David Silver and
               Andrei A. Rusu and
               Joel Veness and
               Marc G. Bellemare and
               Alex Graves and
               Martin A. Riedmiller and
               Andreas Fidjeland and
               Georg Ostrovski and
               Stig Petersen and
               Charles Beattie and
               Amir Sadik and
               Ioannis Antonoglou and
               Helen King and
               Dharshan Kumaran and
               Daan Wierstra and
               Shane Legg and
               Demis Hassabis},
  title     = {Human-level control through deep reinforcement learning},
  journal   = {Nat.},
  volume    = {518},
  number    = {7540},
  pages     = {529--533},
  year      = {2015}
}

@article{Go,
  author    = {David Silver and
               Aja Huang and
               Chris J. Maddison and
               Arthur Guez and
               Laurent Sifre and
               George van den Driessche and
               Julian Schrittwieser and
               Ioannis Antonoglou and
               Vedavyas Panneershelvam and
               Marc Lanctot and
               Sander Dieleman and
               Dominik Grewe and
               John Nham and
               Nal Kalchbrenner and
               Ilya Sutskever and
               Timothy P. Lillicrap and
               Madeleine Leach and
               Koray Kavukcuoglu and
               Thore Graepel and
               Demis Hassabis},
  title     = {Mastering the game of Go with deep neural networks and tree search},
  journal   = {Nat.},
  volume    = {529},
  number    = {7587},
  pages     = {484--489},
  year      = {2016}
}

@inproceedings{continuous,
  author    = {Timothy P. Lillicrap and
               Jonathan J. Hunt and
               Alexander Pritzel and
               Nicolas Heess and
               Tom Erez and
               Yuval Tassa and
               David Silver and
               Daan Wierstra},
  editor    = {Yoshua Bengio and
               Yann LeCun},
  title     = {Continuous control with deep reinforcement learning},
  booktitle = {4th International Conference on Learning Representations, {ICLR} 2016,
               San Juan, Puerto Rico, May 2-4, 2016, Conference Track Proceedings},
  year      = {2016}
}

@inproceedings{expert,
  author    = {Yuxin Wu and
               Yuandong Tian},
  title     = {Training Agent for First-Person Shooter Game with Actor-Critic Curriculum
               Learning},
  booktitle = {5th International Conference on Learning Representations, {ICLR} 2017,
               Toulon, France, April 24-26, 2017, Conference Track Proceedings},
  publisher = {OpenReview.net},
  year      = {2017}
}

@inproceedings{distance,
  author    = {Piotr Mirowski and
               Razvan Pascanu and
               Fabio Viola and
               Hubert Soyer and
               Andy Ballard and
               Andrea Banino and
               Misha Denil and
               Ross Goroshin and
               Laurent Sifre and
               Koray Kavukcuoglu and
               Dharshan Kumaran and
               Raia Hadsell},
  title     = {Learning to Navigate in Complex Environments},
  booktitle = {5th International Conference on Learning Representations, {ICLR} 2017,
               Toulon, France, April 24-26, 2017, Conference Track Proceedings},
  publisher = {OpenReview.net},
  year      = {2017}
}

@inproceedings{ICM,
  author    = {Deepak Pathak and
               Pulkit Agrawal and
               Alexei A. Efros and
               Trevor Darrell},
  editor    = {Doina Precup and
               Yee Whye Teh},
  title     = {Curiosity-driven Exploration by Self-supervised Prediction},
  booktitle = {Proceedings of the 34th International Conference on Machine Learning,
               {ICML} 2017, Sydney, NSW, Australia, 6-11 August 2017},
  series    = {Proceedings of Machine Learning Research},
  volume    = {70},
  pages     = {2778--2787},
  publisher = {{PMLR}},
  year      = {2017}
}

@inproceedings{RND,
  author    = {Yuri Burda and
               Harrison Edwards and
               Amos J. Storkey and
               Oleg Klimov},
  title     = {Exploration by random network distillation},
  booktitle = {7th International Conference on Learning Representations, {ICLR} 2019,
               New Orleans, LA, USA, May 6-9, 2019},
  publisher = {OpenReview.net},
  year      = {2019}
}

@article{SF,
  author    = {Jingwei Zhang and
               Niklas Wetzel and
               Nicolai Dorka and
               Joschka Boedecker and
               Wolfram Burgard},
  title     = {Scheduled Intrinsic Drive: {A} Hierarchical Take on Intrinsically
               Motivated Exploration},
  journal   = {CoRR},
  volume    = {abs/1903.07400},
  year      = {2019}
}

@inproceedings{NGU,
  author    = {Adri{\`{a}} Puigdom{\`{e}}nech Badia and
               Pablo Sprechmann and
               Alex Vitvitskyi and
               Daniel Guo and
               Bilal Piot and
               Steven Kapturowski and
               Olivier Tieleman and
               Mart{\'{\i}}n Arjovsky and
               Alexander Pritzel and
               Andrew Bolt and
               Charles Blundell},
  title     = {Never Give Up: Learning Directed Exploration Strategies},
  booktitle = {8th International Conference on Learning Representations, {ICLR} 2020,
               Addis Ababa, Ethiopia, April 26-30, 2020},
  publisher = {OpenReview.net},
  year      = {2020}
}

@inproceedings{RIDE,
  author    = {Roberta Raileanu and
               Tim Rockt{\"{a}}schel},
  title     = {{RIDE:} Rewarding Impact-Driven Exploration for Procedurally-Generated
               Environments},
  booktitle = {8th International Conference on Learning Representations, {ICLR} 2020,
               Addis Ababa, Ethiopia, April 26-30, 2020},
  publisher = {OpenReview.net},
  year      = {2020},
  url       = {https://openreview.net/forum?id=rkg-TJBFPB},
  timestamp = {Thu, 07 May 2020 17:11:48 +0200},
  biburl    = {https://dblp.org/rec/conf/iclr/RaileanuR20.bib},
  bibsource = {dblp computer science bibliography, https://dblp.org}
}

@inproceedings{Count,
  author    = {Haoran Tang and
               Rein Houthooft and
               Davis Foote and
               Adam Stooke and
               Xi Chen and
               Yan Duan and
               John Schulman and
               Filip De Turck and
               Pieter Abbeel},
  editor    = {Isabelle Guyon and
               Ulrike von Luxburg and
               Samy Bengio and
               Hanna M. Wallach and
               Rob Fergus and
               S. V. N. Vishwanathan and
               Roman Garnett},
  title     = {{\#}Exploration: {A} Study of Count-Based Exploration for Deep Reinforcement
               Learning},
  booktitle = {Advances in Neural Information Processing Systems 30: Annual Conference
               on Neural Information Processing Systems 2017, 4-9 December 2017,
               Long Beach, CA, {USA}},
  pages     = {2753--2762},
  year      = {2017}
}

@article{unreliable,
  author    = {Wendelin B{\"{o}}hmer and
               Tabish Rashid and
               Shimon Whiteson},
  title     = {Exploration with Unreliable Intrinsic Reward in Multi-Agent Reinforcement
               Learning},
  journal   = {CoRR},
  volume    = {abs/1906.02138},
  year      = {2019}
}

@inproceedings{Social,
  author    = {Natasha Jaques and
               Angeliki Lazaridou and
               Edward Hughes and
               {\c{C}}aglar G{\"{u}}l{\c{c}}ehre and
               Pedro A. Ortega and
               DJ Strouse and
               Joel Z. Leibo and
               Nando de Freitas},
  editor    = {Kamalika Chaudhuri and
               Ruslan Salakhutdinov},
  title     = {Social Influence as Intrinsic Motivation for Multi-Agent Deep Reinforcement
               Learning},
  booktitle = {Proceedings of the 36th International Conference on Machine Learning,
               {ICML} 2019, 9-15 June 2019, Long Beach, California, {USA}},
  series    = {Proceedings of Machine Learning Research},
  volume    = {97},
  pages     = {3040--3049},
  publisher = {{PMLR}},
  year      = {2019}
}


@inproceedings{Influence,
  author    = {Tonghan Wang and
               Jianhao Wang and
               Yi Wu and
               Chongjie Zhang},
  title     = {Influence-Based Multi-Agent Exploration},
  booktitle = {8th International Conference on Learning Representations, {ICLR} 2020,
               Addis Ababa, Ethiopia, April 26-30, 2020},
  publisher = {OpenReview.net},
  year      = {2020}
}

@inproceedings{Synergistic,
  author    = {Rohan Chitnis and
               Shubham Tulsiani and
               Saurabh Gupta and
               Abhinav Gupta},
  title     = {Intrinsic Motivation for Encouraging Synergistic Behavior},
  booktitle = {8th International Conference on Learning Representations, {ICLR} 2020,
               Addis Ababa, Ethiopia, April 26-30, 2020},
  publisher = {OpenReview.net},
  year      = {2020}
}

@article{Cooperative,
  author    = {Shariq Iqbal and
               Fei Sha},
  title     = {Coordinated Exploration via Intrinsic Rewards for Multi-Agent Reinforcement
               Learning},
  journal   = {CoRR},
  volume    = {abs/1905.12127},
  year      = {2019}
}

@inproceedings{COMA,
  author    = {Jakob N. Foerster and
               Gregory Farquhar and
               Triantafyllos Afouras and
               Nantas Nardelli and
               Shimon Whiteson},
  editor    = {Sheila A. McIlraith and
               Kilian Q. Weinberger},
  title     = {Counterfactual Multi-Agent Policy Gradients},
  booktitle = {Proceedings of the Thirty-Second {AAAI} Conference on Artificial Intelligence,
               (AAAI-18), the 30th innovative Applications of Artificial Intelligence
               (IAAI-18), and the 8th {AAAI} Symposium on Educational Advances in
               Artificial Intelligence (EAAI-18), New Orleans, Louisiana, USA, February
               2-7, 2018},
  pages     = {2974--2982},
  publisher = {{AAAI} Press},
  year      = {2018}
}

@inproceedings{VDN,
  author    = {Peter Sunehag and
               Guy Lever and
               Audrunas Gruslys and
               Wojciech Marian Czarnecki and
               Vin{\'{\i}}cius Flores Zambaldi and
               Max Jaderberg and
               Marc Lanctot and
               Nicolas Sonnerat and
               Joel Z. Leibo and
               Karl Tuyls and
               Thore Graepel},
  editor    = {Elisabeth Andr{\'{e}} and
               Sven Koenig and
               Mehdi Dastani and
               Gita Sukthankar},
  title     = {Value-Decomposition Networks For Cooperative Multi-Agent Learning
               Based On Team Reward},
  booktitle = {Proceedings of the 17th International Conference on Autonomous Agents
               and MultiAgent Systems, {AAMAS} 2018, Stockholm, Sweden, July 10-15,
               2018},
  pages     = {2085--2087},
  publisher = {International Foundation for Autonomous Agents and Multiagent Systems
               Richland, SC, {USA} / {ACM}},
  year      = {2018}
}

@inproceedings{QMIX,
  author    = {Tabish Rashid and
               Mikayel Samvelyan and
               Christian Schr{\"{o}}der de Witt and
               Gregory Farquhar and
               Jakob N. Foerster and
               Shimon Whiteson},
  editor    = {Jennifer G. Dy and
               Andreas Krause},
  title     = {{QMIX:} Monotonic Value Function Factorisation for Deep Multi-Agent
               Reinforcement Learning},
  booktitle = {Proceedings of the 35th International Conference on Machine Learning,
               {ICML} 2018, Stockholmsm{\"{a}}ssan, Stockholm, Sweden, July
               10-15, 2018},
  series    = {Proceedings of Machine Learning Research},
  volume    = {80},
  pages     = {4292--4301},
  publisher = {{PMLR}},
  year      = {2018}
}